<record><leader>00000cas a22000007a 4500</leader><controlfield tag="001">12618499</controlfield><controlfield tag="008">850930d19171939pauwr ne      0    0eng d</controlfield><datafield ind1=" " ind2=" " tag="010"><subfield code="a">sn 85054798 </subfield></datafield><datafield ind1=" " ind2=" " tag="040"><subfield code="a">NPH</subfield><subfield code="b">eng</subfield><subfield code="c">NPH</subfield><subfield code="d">OCLCQ</subfield></datafield><datafield ind1=" " ind2=" " tag="042"><subfield code="a">msc</subfield></datafield><datafield ind1="0" ind2="4" tag="245"><subfield code="a">The Weekly chronicle and Brewerytown herald.</subfield></datafield><datafield ind1=" " ind2=" " tag="260"><subfield code="a">Philadelphia, Pa. :</subfield><subfield code="b">W.J. Wahl,</subfield><subfield code="c">-1939.</subfield></datafield><datafield ind1=" " ind2=" " tag="300"><subfield code="a">v. :</subfield><subfield code="b">ill.</subfield></datafield><datafield ind1=" " ind2=" " tag="310"><subfield code="a">Weekly</subfield></datafield><datafield ind1="0" ind2=" " tag="362"><subfield code="a">-41st yr., whole no. 2100 (Dec. 30, 1939) = -n. s. no. 1390.</subfield></datafield><datafield ind1="1" ind2=" " tag="362"><subfield code="a">Began in 1917.</subfield><subfield code="z">Cf. Checklist of Pa. newspapers.</subfield></datafield><datafield ind1=" " ind2=" " tag="580"><subfield code="a">Continues: Brewerytown herald. Cf. Checklist of Pa. newspapers.</subfield></datafield><datafield ind1=" " ind2=" " tag="588"><subfield code="a">Description based on: 34th year, no. 1801 (Mar. 24, 1934) = New ser. no. 1092.</subfield></datafield><datafield ind1=" " ind2=" " tag="752"><subfield code="a">United States</subfield><subfield code="b">Pennsylvania</subfield><subfield code="c">Philadelphia</subfield><subfield code="d">Philadelphia.</subfield></datafield><datafield ind1="1" ind2="0" tag="780"><subfield code="t">Brewerytown herald</subfield></datafield></record>